# \bibliography{hoge}
# \bibliographystyle{jplain} % 	参考文献をアルファベット順で出力する
# \bibliographystyle{junsrt} % 参考文献を引用された順で出力する

# mktexlsr
# bibtex report

@article{iso17981,
  author  = {{International Organization for Standardization}},
  journal = {ISO Standards},
  title   = {ISO 17981:2024 Space systems — Cube satellite (CubeSat) interface},
  year    = {2024}
}


@misc{minelva:online,
  author = {宇宙航空研究開発機構},
  month  = {},
  title  = {アポフィス観測の国際状況},
  url    = {https://www8.cao.go.jp/space/comittee/27-kagaku/kagaku-dai62/siryou3.pdf},
  year   = {}
}

@article{mineruba,
  author  = {宇宙航空研究開発機構宇宙科学研究所},
  journal = {日本ロボット学会誌},
  note    = {},
  number  = {},
  pages   = {54-55},
  title   = {小惑星探査ローバ「ミネルバ2」の開発},
  volume  = {38},
  year    = {2020}
}